<record><leader>00000cas a22000007a 4500</leader><controlfield tag="001">13919291</controlfield><controlfield tag="008">860723d185u18uupauwr ne      0    0eng d</controlfield><datafield ind1=" " ind2=" " tag="010"><subfield code="a">sn 85036127 </subfield></datafield><datafield ind1=" " ind2=" " tag="040"><subfield code="a">NPA</subfield><subfield code="b">eng</subfield><subfield code="c">NPA</subfield><subfield code="d">NPH</subfield><subfield code="d">OCLCQ</subfield></datafield><datafield ind1=" " ind2=" " tag="042"><subfield code="a">msc</subfield></datafield><datafield ind1="0" ind2="0" tag="245"><subfield code="a">Snyder County journal.</subfield></datafield><datafield ind1=" " ind2=" " tag="260"><subfield code="a">Middleburg, Snyder Co., Pa. :</subfield><subfield code="b">S. Neuwahl &amp; Co.</subfield></datafield><datafield ind1=" " ind2=" " tag="300"><subfield code="a">v. ;</subfield><subfield code="c">61 cm.</subfield></datafield><datafield ind1=" " ind2=" " tag="310"><subfield code="a">Weekly</subfield></datafield><datafield ind1=" " ind2=" " tag="580"><subfield code="a">Merged with: Union times (Middleburg, Pa.) (non-extant), to form: Journal and times. Cf. Hist. of Susquehanna and Juniata Valleys.</subfield></datafield><datafield ind1=" " ind2=" " tag="588"><subfield code="a">Description based on: Vol. 1, no. 4 (Mar. 1, 1856).</subfield></datafield><datafield ind1=" " ind2=" " tag="752"><subfield code="a">United States</subfield><subfield code="b">Pennsylvania</subfield><subfield code="c">Snyder</subfield><subfield code="d">Middleburg.</subfield></datafield><datafield ind1="1" ind2="7" tag="785"><subfield code="t">Union times (Middleburg, Pa.)</subfield></datafield><datafield ind1="1" ind2="7" tag="785"><subfield code="t">Journal and times</subfield><subfield code="w">(DLC)sn 86083299</subfield></datafield><datafield ind1="1" ind2=" " tag="029"><subfield code="a">AU@</subfield><subfield code="b">000025788892</subfield></datafield></record>